<record><leader>00000cas a2200000   4500</leader><controlfield tag="001">5062581</controlfield><controlfield tag="008">790613d197u1979oruwr ne      0   a0eng d</controlfield><controlfield tag="009">467</controlfield><datafield ind1=" " ind2=" " tag="010"><subfield code="a">sn 79000543 </subfield></datafield><datafield ind1=" " ind2=" " tag="040"><subfield code="a">NSD</subfield><subfield code="b">eng</subfield><subfield code="c">NSD</subfield><subfield code="d">OCL</subfield><subfield code="d">OCLCQ</subfield></datafield><datafield ind1=" " ind2=" " tag="012"><subfield code="k">1</subfield><subfield code="m">d</subfield></datafield><datafield ind1="1" ind2=" " tag="022"><subfield code="a">0194-861X</subfield><subfield code="l">0194-861X</subfield><subfield code="2">1</subfield></datafield><datafield ind1=" " ind2=" " tag="042"><subfield code="a">nsdp</subfield></datafield><datafield ind1=" " ind2="0" tag="222"><subfield code="a">Tualatin-Sherwood review</subfield></datafield><datafield ind1="0" ind2="0" tag="245"><subfield code="a">Tualatin-Sherwood review.</subfield></datafield><datafield ind1="0" ind2="0" tag="246"><subfield code="a">Review</subfield></datafield><datafield ind1=" " ind2=" " tag="260"><subfield code="a">[Lake Oswego, Or.,</subfield><subfield code="b">J.W. Blaha]</subfield></datafield><datafield ind1="0" ind2="0" tag="785"><subfield code="t">Valley observer</subfield><subfield code="x">0194-9632</subfield></datafield><datafield ind1=" " ind2=" " tag="936"><subfield code="a">May 30, 1979</subfield></datafield></record>